@article{Gerkey2004,
    title = {{A formal analysis and taxonomy of task allocation in multi-robot systems}},
    year = {2004},
    journal = {International Journal of Robotics Research},
    author = {Gerkey, Brian P. and Matari{\'{c}}, Maja J.},
    isbn = {0278-3649},
    doi = {10.1177/0278364904045564},
    issn = {02783649},
    pmid = {13688984},
    keywords = {Coordination, Multi-robot systems, Task allocation, Utility}
}

@book{Gamma1994,
    title = {{Design Patterns: Elements of Reusable Object-Oriented Software}},
    year = {1994},
    author = {Gamma, Erich and Heml, Richard and Johnson, Ralph and Vlissides, John},
    pages = {107},
    publisher = {Addison Wesley},
    isbn = {ISBN 0-201-63361-2}
}

@article{Birman1987,
    title = {{Exploiting virtual synchrony in distributed systems}},
    year = {1987},
    journal = {ACM SIGOPS Operating Systems Review},
    author = {Birman, K. and Joseph, T.},
    isbn = {089791242X},
    doi = {10.1145/37499.37515},
    issn = {01635980},
    pmid = {21463384}
}

@misc{ISO2011,
    title = {{ISO/IEC 42010:2011}},
    year = {2011},
    booktitle = {Systems and software engineering - Architecture description},
    author = {{ISO}},
    number = {March},
    pages = {1--46},
    volume = {2011},
    url = {http://ieeexplore.ieee.org/xpl/articleDetails.jsp?tp=&arnumber=6129467&contentType=Standards&sortType=asc_p_Sequence&filter=AND(p_Publication_Number:6129465)},
    isbn = {978-0-7456-5060-9},
    doi = {10.1081/E-ELIS3-120044716},
    issn = {10655077},
    pmid = {15814772}
}

@article{ISOInternationalOrganizationforStandardization2011,
    title = {{ISO/IEC/IEEE 42010:2011 - Systems and software engineering -- Architecture description}},
    year = {2011},
    journal = {ISOIECIEEE 420102011E Revision of ISOIEC 420102007 and IEEE Std 14712000},
    author = {{ISO (International Organization for Standardization)}},
    number = {March},
    pages = {1--46},
    volume = {2011},
    isbn = {VO -},
    doi = {10.1109/IEEESTD.2011.6129467},
    issn = {0028-0836}
}

@phdthesis{Fielding2000ArchitecturalArchitectures,
    title = {{Architectural Styles and the Design of Network-based Software Architectures}},
    year = {2000},
    booktitle = {Doctoral thesis},
    author = {Fielding, Roy Thomas},
    isbn = {0599871180},
    doi = {10.1.1.91.2433},
    issn = {1098-6596},
    pmid = {25246403},
    arxivId = {arXiv:1011.1669v3}
}