@manual{MTCPart1,
  title = {{MTConnect Standard Part 1.0 - Overview and Fundamentals}},
  url = {https://docs.mtconnect.org/MTC_Part_1-0-Overview_and_Fundamentals_1-6-0.pdf},
  label = {MTConnect Part 1.0},
  volume = {Part 1.0},
  version = {1.4.0},
  keywords = {MTC}
  }

@manual{MTCPart2,
  title = {{MTConnect Standard: Part 2.0 - Devices Information Model}},
  url = {https://docs.mtconnect.org/MTC_Part_2-0_Devices_Information_Model_1-6-0.pdf},
  label = {MTConnect Part 2.0},
  volume = {Part 2.0},
  version = {1.4.0},
  keywords = {MTC}
  }

@manual{MTCPart3,
  title = {{MTConnect Standard: Part 3.0 - Streams Information Model}},
  url = {https://docs.mtconnect.org/MTC_Part_3-0_Streams_Information_Model_1-6-0.pdf},
  label = {MTConnect Part 3.0},
  volume = {Part 3.0},
  version = {1.4.0},
  keywords = {MTC}
  }

@manual{MTCPart40,
  title = {{MTConnect Standard: Part 4.0 - Assets Information Model}},
  url = {https://docs.mtconnect.org/MTC_Part_4-0_Assets_Information_Model_1-6-0.pdf},
  label = {MTConnect Part 4.0},
  volume = {Part 4.0},
  version = {1.4.0},
  keywords = {MTC}
  }
  
@manual{MTCPart41,
  title = {{MTConnect Standard: Part 4.1 - Cutting Tools}},
  url = {https://docs.mtconnect.org/MTC_Part_4-1_Cutting_Tools_1-6-0.pdf},
  label = {MTConnect Part 4.1},
  volume = {Part 4.1},
  version = {1.4.0},
  keywords = {MTC}
  }

@manual{MTCPart5,
  title = {{MTConnect Standard: Part 5.0 - Interfaces}},
  url = {https://docs.mtconnect.org/MTC_Part_5-0_Interfaces_1-6-0.pdf},
  volume = {Part 5.0},
  version = {1.4.0},
  keywords = {MTC}
  }
  