@manual{UAPart1,
  title = {{OPC UA Specification: Part 1 -- Overview and Concepts}},
  url = {http://www.opcfoundation.org/UA/Part1/},
  label = {UA Part 01},
  volume = {Part 1},
  keywords = {OPC}
  }

@manual{UAPart2,
  title = {{OPC UA Specification: Part 2 -- Security Model}},
  url = {http://www.opcfoundation.org/UA/Part2/},
  label = {UA Part 02},
  volume = {Part 2},
  keywords = {OPC}
  }

@manual{UAPart3,
  title = {{OPC UA Specification: Part 3 -- Address Space Model}},
  url = {http://www.opcfoundation.org/UA/Part3/},
  label = {UA Part 03},
  volume = {Part 3},
  keywords = {OPC}
  }

@manual{UAPart4,
  title = {{OPC UA Specification: Part 4 -- Services}},
  url = {http://www.opcfoundation.org/UA/Part4/},
  label = {UA Part 04},
  volume = {Part 4},
  keywords = {OPC}
  }

@manual{UAPart5,
  title = {{OPC UA Specification: Part 5 -- Information Model}},
  url = {http://www.opcfoundation.org/UA/Part5/},
  label = {UA Part 05},
  volume = {Part 5},
  keywords = {OPC}
  }

@manual{UAPart6,
  title = {{OPC UA Specification: Part 6 -- Mappings}},
  url = {http://www.opcfoundation.org/UA/Part6/},
  label = {UA Part 06},
  volume = {Part 6},
  keywords = {OPC}
  }

@manual{UAPart7,
  title = {{OPC UA Specification: Part 7 -- Profiles}},
  url = {http://www.opcfoundation.org/UA/Part7/},
  label = {UA Part 07},
  volume = {Part 7},
  keywords = {OPC}
  }

@manual{UAPart8,
  title = {{OPC UA Specification: Part 8 -- Data Access}},
  url = {http://www.opcfoundation.org/UA/Part8/},
  label = {UA Part 08},
  volume = {Part 8},
  keywords = {OPC}
  }

@manual{UAAmend1,
  title = {{OPC UA Specification Amendment 1: Analog Types }},
  url = {https://opcfoundation.org/developer-tools/specifications-unified-architecture/errata-and-amendments/},
  label = {UA Amend 1},
  volume = {Amendment 1},
  keywords = {OPC}
  }
  
@manual{UAPart9,
  title = {{OPC UA Specification: Part 9 -- Alarms and Conditions}},
  url = {http://www.opcfoundation.org/UA/Part9/},
  label = {UA Part 09},
  volume = {Part 9},
  keywords = {OPC}
  }
  
@manual{UAPart10,
  title = {{OPC UA Specification: Part 10 -- Programs}},
  url = {http://www.opcfoundation.org/UA/Part10/},
  label = {UA Part 10},
  volume = {Part 10},
  keywords = {OPC}
  }
  
@manual{UAPart11,
  title = {{OPC UA Specification: Part 11 -- Historical Access}},
  url = {http://www.opcfoundation.org/UA/Part11/},
  label = {UA Part 11},
  volume = {Part 11},
  keywords = {OPC}
  }
  
@manual{UAPart13,
  title = {{OPC UA Specification: Part 13 -- Aggregates}},
  url = {http://www.opcfoundation.org/UA/Part13/},
  label = {UA Part 13},
  volume = {Part 13},
  keywords = {OPC}
  }
